<record><leader>00000cas a2200000 a 4500</leader><controlfield tag="001">12017707</controlfield><controlfield tag="008">850510d19461952cauwr ne      0    0eng c</controlfield><datafield ind1=" " ind2=" " tag="010"><subfield code="a">sn 94051153 </subfield></datafield><datafield ind1=" " ind2=" " tag="040"><subfield code="a">MSH</subfield><subfield code="b">eng</subfield><subfield code="c">MSH</subfield><subfield code="d">CNK</subfield><subfield code="d">OCLCQ</subfield><subfield code="d">OCLCF</subfield><subfield code="d">OCLCO</subfield></datafield><datafield ind1="1" ind2=" " tag="029"><subfield code="a">AU@</subfield><subfield code="b">000010972446</subfield></datafield><datafield ind1=" " ind2=" " tag="042"><subfield code="a">pcc</subfield></datafield><datafield ind1=" " ind2=" " tag="043"><subfield code="a">n-us-ca</subfield></datafield><datafield ind1="0" ind2="4" tag="245"><subfield code="a">The desert barnacle and Coachella Valley submarine.</subfield></datafield><datafield ind1="1" ind2="7" tag="246"><subfield code="a">Desert barnacle</subfield></datafield><datafield ind1=" " ind2=" " tag="260"><subfield code="a">Mecca, Calif. :</subfield><subfield code="b">Ed Ainsworth and Quay House</subfield></datafield><datafield ind1=" " ind2=" " tag="300"><subfield code="a">v.</subfield></datafield><datafield ind1=" " ind2=" " tag="310"><subfield code="a">Weekly</subfield></datafield><datafield ind1="0" ind2=" " tag="362"><subfield code="a">Vol. 1, no. 6 (Jan. 21, 1946)-v. 46, no. 12 (Mar. 6, 1952).</subfield></datafield><datafield ind1=" " ind2=" " tag="500"><subfield code="a">Publication moved to Coachella, Calif., Feb. 9, 1946.</subfield></datafield><datafield ind1=" " ind2=" " tag="515"><subfield code="a">Vol. numbering changed with Mar. 29, 1946 issue to v. 40.</subfield></datafield><datafield ind1=" " ind2=" " tag="530"><subfield code="a">Master negatives are available for duplication from:</subfield><subfield code="b">California Newspaper Microfilm Archive;</subfield><subfield code="c">positive copies may be purchased by the reel; for further information consult the CNMA at:</subfield><subfield code="u">http://cbsr.ucr.edu</subfield></datafield><datafield ind1=" " ind2="0" tag="651"><subfield code="a">Coachella (Calif.)</subfield><subfield code="v">Newspapers.</subfield></datafield><datafield ind1=" " ind2="0" tag="651"><subfield code="a">Mecca (Calif.)</subfield><subfield code="v">Newspapers.</subfield></datafield><datafield ind1=" " ind2="7" tag="655"><subfield code="a">Newspapers.</subfield><subfield code="2">fast</subfield><subfield code="0">(OCoLC)fst01423814</subfield></datafield><datafield ind1=" " ind2="7" tag="651"><subfield code="a">California</subfield><subfield code="z">Coachella.</subfield><subfield code="2">fast</subfield><subfield code="0">(OCoLC)fst01204507</subfield></datafield><datafield ind1=" " ind2="7" tag="651"><subfield code="a">California</subfield><subfield code="z">Mecca.</subfield><subfield code="2">fast</subfield><subfield code="0">(OCoLC)fst01250295</subfield></datafield><datafield ind1=" " ind2=" " tag="752"><subfield code="a">United States</subfield><subfield code="b">California</subfield><subfield code="c">Riverside</subfield><subfield code="d">Coachella.</subfield></datafield><datafield ind1=" " ind2=" " tag="752"><subfield code="a">United States</subfield><subfield code="b">California</subfield><subfield code="c">Riverside</subfield><subfield code="d">Mecca.</subfield></datafield><datafield ind1="0" ind2="4" tag="780"><subfield code="t">Desert barnacle</subfield><subfield code="w">(DLC)sn 94051560</subfield></datafield><datafield ind1="0" ind2="4" tag="780"><subfield code="t">Coachella Valley submarine</subfield><subfield code="w">(DLC)sn 95061251</subfield></datafield><datafield ind1="0" ind2="0" tag="785"><subfield code="t">Coachella Valley sun (Coachella, Calif. : 1952)</subfield><subfield code="w">(DLC)sn 00060646</subfield></datafield></record>